<record><leader>00000cas a2200000 a 4500</leader><controlfield tag="001">610177223</controlfield><controlfield tag="006">m     o  d        </controlfield><controlfield tag="008">100311c19909999pauuu n o     0    0eng  </controlfield><datafield ind1=" " ind2=" " tag="010"><subfield code="a">  2010243350</subfield></datafield><datafield ind1=" " ind2=" " tag="040"><subfield code="a">NLM</subfield><subfield code="b">eng</subfield><subfield code="c">NLM</subfield><subfield code="d">OCLCQ</subfield><subfield code="d">OCLCO</subfield><subfield code="d">OCLCQ</subfield></datafield><datafield ind1="7" ind2=" " tag="016"><subfield code="a">101526279</subfield><subfield code="2">DNLM</subfield></datafield><datafield ind1=" " ind2=" " tag="042"><subfield code="a">pcc</subfield></datafield><datafield ind1="1" ind2="0" tag="060"><subfield code="a">PN 4727</subfield></datafield><datafield ind1="0" ind2="0" tag="245"><subfield code="a">Accessible archives.</subfield></datafield><datafield ind1=" " ind2=" " tag="260"><subfield code="a">Malvern, Pa. :</subfield><subfield code="b">Accessible Archives</subfield></datafield><datafield ind1=" " ind2=" " tag="336"><subfield code="a">text</subfield><subfield code="b">txt</subfield><subfield code="2">rdacontent</subfield></datafield><datafield ind1=" " ind2=" " tag="337"><subfield code="a">computer</subfield><subfield code="b">c</subfield><subfield code="2">rdamedia</subfield></datafield><datafield ind1=" " ind2=" " tag="338"><subfield code="a">online resource</subfield><subfield code="b">cr</subfield><subfield code="2">rdacarrier</subfield></datafield><datafield ind1="1" ind2=" " tag="362"><subfield code="a">Began in 1990.</subfield></datafield><datafield ind1=" " ind2=" " tag="500"><subfield code="a">Title from HTML header (viewed Apr. 2, 2010).</subfield></datafield><datafield ind1=" " ind2=" " tag="520"><subfield code="a">Accessible Archives was founded in 1990 with the goal of utilizing computer technology to make available vast quantities of archived historical information, previously furnished only on microfilm.</subfield></datafield><datafield ind1=" " ind2=" " tag="538"><subfield code="a">Mode of access: World Wide Web.</subfield></datafield><datafield ind1="1" ind2="2" tag="650"><subfield code="a">Newspapers.</subfield></datafield><datafield ind1=" " ind2="2" tag="655"><subfield code="a">Database.</subfield></datafield><datafield ind1="2" ind2=" " tag="710"><subfield code="a">Accessible Archives.</subfield></datafield><datafield ind1=" " ind2=" " tag="850"><subfield code="a">DNLM</subfield></datafield><datafield ind1="4" ind2="0" tag="856"><subfield code="u">http://www.accessible.com/accessible/index.jsp</subfield></datafield><datafield ind1="0" ind2=" " tag="029"><subfield code="a">NLM</subfield><subfield code="b">101526279</subfield></datafield></record>